@article{androutsopoulos1995natural,
  title={Natural language interfaces to databases--an introduction},
  author={Androutsopoulos, Ion and Ritchie, Graeme D and Thanisch, Peter},
  journal={Natural language engineering},
  volume={1},
  number={1},
  pages={29--81},
  year={1995},
  publisher={Cambridge University Press}
}
@article{zhong2017seq2sql,
  title={Seq2sql: Generating structured queries from natural language using reinforcement learning},
  author={Zhong, Victor and Xiong, Caiming and Socher, Richard},
  journal={arXiv preprint arXiv:1709.00103},
  year={2017}
}